@inproceedings{Kim21ICRA,
  title     = {EagerMOT: 3D Multi-Object Tracking via Sensor Fusion},
  author    = {Kim, Aleksandr, O\v{s}ep, Aljo\v{s}a and Leal-Taix{'e}, Laura},
  booktitle = {IEEE International Conference on Robotics and Automation (ICRA)},
  year      = {2021}
}

@INPROCEEDINGS{Geiger2012CVPR,
  author = {Andreas Geiger and Philip Lenz and Raquel Urtasun},
  title = {Are we ready for Autonomous Driving? The KITTI Vision Benchmark Suite},
  booktitle = {Conference on Computer Vision and Pattern Recognition (CVPR)},
  year = {2012}
}

@article{luiten2019track,
  title={Track to Reconstruct and Reconstruct to Track},
  author={Luiten, Jonathon and Fischer, Tobias and Leibe, Bastian},
  journal={arXiv:1910.00130},
  year={2019}
}

@inproceedings{Voigtlaender19CVPR_MOTS,
 author = {Paul Voigtlaender and Michael Krause and Aljo\u{s}a O\u{s}ep and Jonathon Luiten
           and Berin Balachandar Gnana Sekar and Andreas Geiger and Bastian Leibe},
 title = {{MOTS}: Multi-Object Tracking and Segmentation},
 booktitle = {CVPR},
 year = {2019},
}

@InProceedings{Point-GNN,
author = {Shi, Weijing and Rajkumar, Ragunathan (Raj)},
title = {Point-GNN: Graph Neural Network for 3D Object Detection in a Point Cloud},
booktitle = {The IEEE Conference on Computer Vision and Pattern Recognition (CVPR)},
month = {June},
year = {2020}
}